@techreport{prm,
    author = "HSA Foundation",
    title = "{The Heterogeneous Systems Architecture Programmers
            Reference Manual}",
    institution = {HSA Foundation},
    year = "2013"
}

@techreport{sar,
    author = "HSA Foundation",
    title = "{The Heterogeneous Systems Architecture Systems Architecture
	    Requirements Specification }",
    institution = {HSA Foundation},
    year = "2013"
}
